<record><leader>00000cas a22000007a 4500</leader><controlfield tag="001">24103208</controlfield><controlfield tag="008">910719d19541971couwr ne      0    0eng d</controlfield><datafield ind1=" " ind2=" " tag="010"><subfield code="a">sn 91052601 </subfield></datafield><datafield ind1=" " ind2=" " tag="040"><subfield code="a">CNQ</subfield><subfield code="b">eng</subfield><subfield code="c">CNQ</subfield><subfield code="d">OCLCQ</subfield></datafield><datafield ind1=" " ind2=" " tag="042"><subfield code="a">msc</subfield></datafield><datafield ind1="0" ind2=" " tag="130"><subfield code="a">Forum (Nucla, Colo.)</subfield></datafield><datafield ind1="1" ind2="4" tag="245"><subfield code="a">The forum.</subfield></datafield><datafield ind1="3" ind2="0" tag="246"><subfield code="a">San Miguel forum</subfield></datafield><datafield ind1="3" ind2="0" tag="246"><subfield code="a">Forum and the San Miguel forum</subfield></datafield><datafield ind1=" " ind2=" " tag="260"><subfield code="a">Nucla, Colo. :</subfield><subfield code="b">John S. Gilmore</subfield></datafield><datafield ind1=" " ind2=" " tag="300"><subfield code="a">v.</subfield></datafield><datafield ind1=" " ind2=" " tag="310"><subfield code="a">Weekly</subfield></datafield><datafield ind1="0" ind2=" " tag="362"><subfield code="a">Vol. 2, no. 1 (June 25, 1954)-v. 17, no. 32 (Feb. 11, 1971).</subfield></datafield><datafield ind1=" " ind2=" " tag="500"><subfield code="a">Published as: San Miguel forum, frequently between May 24, 1957-Jan. 21, 1971, with separate numbering, and: Forum and the San Miguel forum, Feb. 11, 1971.</subfield></datafield><datafield ind1=" " ind2=" " tag="500"><subfield code="a">Published also for Norwood and Telluride.</subfield></datafield><datafield ind1=" " ind2=" " tag="752"><subfield code="a">United States</subfield><subfield code="b">Colorado</subfield><subfield code="c">Montrose</subfield><subfield code="d">Nucla.</subfield></datafield><datafield ind1=" " ind2=" " tag="752"><subfield code="a">United States</subfield><subfield code="b">Colorado</subfield><subfield code="c">San Miguel</subfield><subfield code="d">Norwood.</subfield></datafield><datafield ind1=" " ind2=" " tag="752"><subfield code="a">United States</subfield><subfield code="b">Colorado</subfield><subfield code="c">San Miguel</subfield><subfield code="d">Telluride.</subfield></datafield><datafield ind1="0" ind2="0" tag="780"><subfield code="t">Nucla forum</subfield><subfield code="w">(DLC)sn 91052600</subfield></datafield><datafield ind1="0" ind2="5" tag="780"><subfield code="t">Telluride tribune</subfield><subfield code="w">(DLC)sn 90051833</subfield></datafield><datafield ind1="0" ind2="5" tag="780"><subfield code="t">Norwood star (Norwood, Colo.)</subfield><subfield code="w">(DLC)sn 90051863</subfield></datafield><datafield ind1="0" ind2="0" tag="785"><subfield code="t">San Miguel Basin forum</subfield><subfield code="w">(DLC)sn 90051332</subfield></datafield></record>